<record><leader>00000cas a22000007a 4500</leader><controlfield tag="001">34279166</controlfield><controlfield tag="008">960228d18801uuucaumr ne      0    0eng d</controlfield><datafield ind1=" " ind2=" " tag="010"><subfield code="a">sn 96061004 </subfield></datafield><datafield ind1=" " ind2=" " tag="040"><subfield code="a">CNK</subfield><subfield code="b">eng</subfield><subfield code="c">CNK</subfield><subfield code="d">OCLCQ</subfield><subfield code="d">OCLCF</subfield><subfield code="d">OCLCO</subfield></datafield><datafield ind1="1" ind2=" " tag="029"><subfield code="a">AU@</subfield><subfield code="b">000025929460</subfield></datafield><datafield ind1=" " ind2=" " tag="042"><subfield code="a">msc</subfield></datafield><datafield ind1=" " ind2=" " tag="043"><subfield code="a">n-us-ca</subfield></datafield><datafield ind1="0" ind2="0" tag="245"><subfield code="a">San Juan argonaut.</subfield></datafield><datafield ind1=" " ind2=" " tag="260"><subfield code="a">San Juan [Calif.] :</subfield><subfield code="b">Frank Abbe, George Abbe, Henry Sherwood</subfield></datafield><datafield ind1=" " ind2=" " tag="300"><subfield code="a">v.</subfield></datafield><datafield ind1=" " ind2=" " tag="310"><subfield code="a">Monthly,</subfield><subfield code="b">&lt;Feb.-Aug. 1881&gt;</subfield></datafield><datafield ind1=" " ind2=" " tag="321"><subfield code="a">Semimonthly,</subfield><subfield code="b">Oct. 1880-</subfield></datafield><datafield ind1="1" ind2=" " tag="362"><subfield code="a">Began in Oct. 1880.</subfield></datafield><datafield ind1=" " ind2=" " tag="588"><subfield code="a">Description based on: [vol. 1], no. 8 (Oct. 1880).</subfield></datafield><datafield ind1=" " ind2="0" tag="651"><subfield code="a">San Juan Bautista (Calif.)</subfield><subfield code="v">Newspapers.</subfield></datafield><datafield ind1=" " ind2="7" tag="655"><subfield code="a">Newspapers.</subfield><subfield code="2">fast</subfield><subfield code="0">(OCoLC)fst01423814</subfield></datafield><datafield ind1=" " ind2="7" tag="651"><subfield code="a">California</subfield><subfield code="z">San Juan Bautista.</subfield><subfield code="2">fast</subfield><subfield code="0">(OCoLC)fst01215518</subfield></datafield><datafield ind1=" " ind2=" " tag="752"><subfield code="a">United States</subfield><subfield code="b">California</subfield><subfield code="c">San Benito</subfield><subfield code="d">San Juan Bautista.</subfield></datafield><datafield ind1="0" ind2="0" tag="780"><subfield code="t">San Juan amateur</subfield><subfield code="w">(DLC)sn 96061003</subfield></datafield></record>